<?xml version="1.0" encoding="UTF-8"?><collection xmlns="http://www.loc.gov/MARC21/slim"><record><leader>00371nam--2200133-i-4500</leader><controlfield tag="001">000037948</controlfield><controlfield tag="002">20161230</controlfield><controlfield tag="005">20161230201041</controlfield><controlfield tag="008">060222s1000------------r-----000-0-eng-d</controlfield><datafield ind1=" " ind2=" " tag="080"><subfield code="a">621.391(043)</subfield></datafield><datafield ind1=" " ind2=" " tag="100"><subfield code="a">Raffoul Bitar,Fayza</subfield></datafield><datafield ind1=" " ind2=" " tag="245"><subfield code="a">Simulation de certains mecanismes de l`assembleur ibm 360 sur hp 98 30. these</subfield></datafield><datafield ind1=" " ind2=" " tag="260"><subfield code="a">Paris, Univ.,1979. 133 P</subfield></datafield><datafield ind1=" " ind2=" " tag="852"><subfield code="a">48628</subfield></datafield></record></collection>